A. Raza, M. H. Yousaf and S. A. Velastin, "Human Fall Detection using YOLO: A Real-Time and AI-on-the-Edge Perspective," 2022 12th International Conference on Pattern Recognition Systems (ICPRS), Saint-Etienne, France, 2022, pp. 1-6, doi: 10.1109/ICPRS54038.2022.9854070. keywords: {Image edge detection;Pose estimation;Cameras;Transformers;Real-time systems;Fall detection;Older adults;Computer Vision;Fall Detection;YOLO;OAK-D},

